@Booklet{hillert,
  address   = {Bonn},
  author    = {Hillert, Wolfgang},
  title     = {E 106: Cavities, Details on the experimental method},
  year      = {2008},
}

@Book{wangler,
  address   = {New York},
  author    = {Wangler, Thomas P.},
  title     = {Principles of RF Linear Accelerators},
  publisher = {Wiley},
  year      = {1998},
%  edition   = {?},
}

@Book{pozar,
  address   = {New York},
  author    = {Pozar, David M.},
  title     = {Microwave Engineering},
  publisher = {Wiley},
  year      = {2011},
  edition   = {4},
}

@Book{jackson,
  address   = {New York},
  author    = {Jackson, John David},
  title     = {Classical Electrodynamics},
  publisher = {Wiley},
  year      = {1962},
  edition   = {1},
}

@Book{CRC,
  address   = {Florida},
  editor    = {Lide, David R.},
  title     = {CRC Handbook of Chemistry and Physics},
  publisher = {CRC Press},
  year      = {2010},
  edition   = {90},
}

@InProceedings{schedler,
  author    = {Schedler, Manuel and others},
  title     = {A New RF Station for the ELSA Stretcher Ring},
  booktitle = {IPAC'15 Conf. Proc.},
  year      = {2015},
}

@online{desy_petra,
  title        = {Data Sheet 500MHz 7-Cell Cavity},
  author       = {DESY-MHFe},
  url          = {http://mhf-e.desy.de/e5/e63/},
  urldate      = {2015-07-23},
  note         = {Version: 3.2},
}

@online{desy_stempel,
  title        = {Data Sheet Cavity Tuning Plunger},
  author       = {DESY-MHFe},
  url          = {http://mhf-e.desy.de/e5/e63/},
  urldate      = {2015-07-23},
  note         = {Version: 3.0},
}

@misc{desy_schleife,
  title        = {Data Sheet Cavity Input Coupler},
  author       = {DESY-MHFe},
  url          = {http://mhf-e.desy.de/e5/e63/},
  urldate      = {2015-07-23},
  note         = {Version: 1.3},
}

@thesis{peschke,
  title        = {Messungen und Berechnungen zu longitudinalen und transversalen Shuntimpedanzen einer Elektronen-Positronen-Linearbeschleuniger-Struktur},
  author       = {Peschke, Claudius},
  institution  = {Johann Wolfgang Goethe-Universit√§t},
  year         = {1995},
}

@online{tenenbaum,
  author    = {Tenenbaum, Peter},
  title     = {Fields in Waveguides -- a Guide for Pedestrians},
  url       = {http://www.desy.de/~njwalker/uspas/coursemat/notes/unit_2_notes.pdf},
  urldate   = {2015-07-23},
  note      = {U.S.\ Particle Accelerator School: Physics and Technology of Linear Collider Facilities},
}
    
